@article{Choi:2020:RF,
  author    = {Arthur Choi and
               Andy Shih and
               Anchal Goyanka and
               Adnan Darwiche},
  title     = {On Symbolically Encoding the Behavior of Random Forests},
  journal   = {CoRR},
  volume    = {abs/2007.01493},
  year      = {2020},
  url       = {https://arxiv.org/abs/2007.01493}
}

@inproceedings{Audemard:2020:XAI,
  author    = {Gilles Audemard and
               Fr{\'{e}}d{\'{e}}ric Koriche and
               Pierre Marquis},
  editor    = {Diego Calvanese and
               Esra Erdem and
               Michael Thielscher},
  title     = {On Tractable {XAI} Queries based on Compiled Representations},
  booktitle = {Proceedings of the 17th International Conference on Principles of
               Knowledge Representation and Reasoning, {KR} 2020, Rhodes, Greece,
               September 12-18, 2020},
  pages     = {838--849},
  year      = {2020},
  url       = {https://doi.org/10.24963/kr.2020/86}
}

@inproceedings{Soos:2019:CrystalBall,
  author    = {Mate Soos and
               Raghav Kulkarni and
               Kuldeep S. Meel},
  editor    = {Mikol{\'{a}}s Janota and
               In{\^{e}}s Lynce},
  title     = {CrystalBall: Gazing in the Black Box of {SAT} Solving},
  booktitle = {Theory and Applications of Satisfiability Testing - {SAT} 2019 - 22nd
               International Conference, {SAT} 2019, Lisbon, Portugal, July 9-12,
               2019, Proceedings},
  series    = {Lecture Notes in Computer Science},
  volume    = {11628},
  pages     = {371--387},
  year      = {2019},
  url       = {https://doi.org/10.1007/978-3-030-24258-9\_26}
}

@inproceedings{Cherif:2021:KissatMAB,
  author    = {Mohamed Sami Cherif and
               Djamal Habet and
               Cyril Terrioux},
  editor    = {Laurent D. Michel},
  title     = {Combining {VSIDS} and {CHB} Using Restarts in {SAT}},
  booktitle = {27th International Conference on Principles and Practice of Constraint
               Programming, {CP} 2021, Montpellier, France (Virtual Conference),
               October 25-29, 2021},
  series    = {LIPIcs},
  volume    = {210},
  pages     = {20:1--20:19},
  publisher = {Schloss Dagstuhl - Leibniz-Zentrum f{\"{u}}r Informatik},
  year      = {2021},
  url       = {https://doi.org/10.4230/LIPIcs.CP.2021.20}
}

@book{Hastie:2009,
  author    = {Trevor Hastie and
               Robert Tibshirani and
               Jerome H. Friedman},
  title     = {The Elements of Statistical Learning: Data Mining, Inference, and
               Prediction, 2nd Edition},
  series    = {Springer Series in Statistics},
  publisher = {Springer},
  year      = {2009},
  url       = {https://doi.org/10.1007/978-0-387-84858-7}
}

@article{Percy:2021:Accountability,
  author    = {Chris Percy and
               Simo Dragicevic and
               Sanjoy Sarkar and
               Artur S. d'Avila Garcez},
  title     = {Accountability in {AI:} From Principles to Industry-specific Accreditation},
  journal   = {CoRR},
  volume    = {abs/2110.09232},
  year      = {2021},
  url       = {https://arxiv.org/abs/2110.09232}
}

@inproceedings{Audemard:2021:Intelligibility,
  author    = {Gilles Audemard and
               Steve Bellart and
               Louenas Bounia and
               Fr{\'{e}}d{\'{e}}ric Koriche and
               Jean{-}Marie Lagniez and
               Pierre Marquis},
  editor    = {Meghyn Bienvenu and
               Gerhard Lakemeyer and
               Esra Erdem},
  title     = {On the Computational Intelligibility of Boolean Classifiers},
  booktitle = {Proceedings of the 18th International Conference on Principles of
               Knowledge Representation and Reasoning, {KR} 2021, Online event, November
               3-12, 2021},
  pages     = {74--86},
  year      = {2021}
}

@inproceedings{Darwiche:2020:Reasons,
  author    = {Adnan Darwiche and
               Auguste Hirth},
  editor    = {Giuseppe De Giacomo and
               Alejandro Catal{\'{a}} and
               Bistra Dilkina and
               Michela Milano and
               Sen{\'{e}}n Barro and
               Alberto Bugar{\'{\i}}n and
               J{\'{e}}r{\^{o}}me Lang},
  title     = {On the Reasons Behind Decisions},
  booktitle = {{ECAI} 2020 - 24th European Conference on Artificial Intelligence,
               29 August-8 September 2020, Santiago de Compostela, Spain, August
               29 - September 8, 2020 - Including 10th Conference on Prestigious
               Applications of Artificial Intelligence {(PAIS} 2020)},
  series    = {Frontiers in Artificial Intelligence and Applications},
  volume    = {325},
  pages     = {712--720},
  publisher = {{IOS} Press},
  year      = {2020}
}

@article{Arrieta:2019:XAI,
  author    = {Alejandro Barredo Arrieta and
               Natalia D{\'{\i}}az Rodr{\'{\i}}guez and
               Javier Del Ser and
               Adrien Bennetot and
               Siham Tabik and
               Alberto Barbado and
               Salvador Garc{\'{\i}}a and
               Sergio Gil{-}Lopez and
               Daniel Molina and
               Richard Benjamins and
               Raja Chatila and
               Francisco Herrera},
  title     = {Explainable Artificial Intelligence {(XAI):} Concepts, Taxonomies,
               Opportunities and Challenges toward Responsible {AI}},
  journal   = {CoRR},
  volume    = {abs/1910.10045},
  year      = {2019}
}

@article{Xu:2008:SATzilla,
  author    = {Lin Xu and
               Frank Hutter and
               Holger H. Hoos and
               Kevin Leyton{-}Brown},
  title     = {SATzilla: Portfolio-based Algorithm Selection for {SAT}},
  journal   = {J. Artif. Intell. Res.},
  volume    = {32},
  pages     = {565--606},
  year      = {2008},
  url       = {https://doi.org/10.1613/jair.2490}
}

@inproceedings{Kadioglu:2010:ISAC,
  author    = {Serdar Kadioglu and
               Yuri Malitsky and
               Meinolf Sellmann and
               Kevin Tierney},
  editor    = {Helder Coelho and
               Rudi Studer and
               Michael J. Wooldridge},
  title     = {{ISAC} - Instance-Specific Algorithm Configuration},
  booktitle = {{ECAI} 2010 - 19th European Conference on Artificial Intelligence,
               Lisbon, Portugal, August 16-20, 2010, Proceedings},
  series    = {Frontiers in Artificial Intelligence and Applications},
  volume    = {215},
  pages     = {751--756},
  publisher = {{IOS} Press},
  year      = {2010}
}

@article{Froleyks:2021:SC2020,
  author    = {Nils Froleyks and
               Marijn Heule and
               Markus Iser and
               Matti J{\"{a}}rvisalo and
               Martin Suda},
  title     = {{SAT} Competition 2020},
  journal   = {Artif. Intell.},
  volume    = {301},
  pages     = {103572},
  year      = {2021},
  url       = {https://doi.org/10.1016/j.artint.2021.103572}
}

@inproceedings{Elffers:2018:Insights,
  author    = {Jan Elffers and
               Jes{\'{u}}s Gir{\'{a}}ldez{-}Cru and
               Stephan Gocht and
               Jakob Nordstr{\"{o}}m and
               Laurent Simon},
  editor    = {J{\'{e}}r{\^{o}}me Lang},
  title     = {Seeking Practical {CDCL} Insights from Theoretical {SAT} Benchmarks},
  booktitle = {Proceedings of the Twenty-Seventh International Joint Conference on
               Artificial Intelligence, {IJCAI} 2018, July 13-19, 2018, Stockholm,
               Sweden},
  pages     = {1300--1308},
  publisher = {ijcai.org},
  year      = {2018},
  url       = {https://doi.org/10.24963/ijcai.2018/181}
}

@inproceedings{Audemard:2016:Extreme,
  author    = {Gilles Audemard and
               Laurent Simon},
  editor    = {Nadia Creignou and
               Daniel Le Berre},
  title     = {Extreme Cases in {SAT} Problems},
  booktitle = {Theory and Applications of Satisfiability Testing - {SAT} 2016 - 19th
               International Conference, Bordeaux, France, July 5-8, 2016, Proceedings},
  series    = {Lecture Notes in Computer Science},
  volume    = {9710},
  pages     = {87--103},
  publisher = {Springer},
  year      = {2016}
}

@article{Pedregosa:2011:Scikit,
  title={Scikit-learn: Machine learning in Python},
  author={Pedregosa, Fabian and Varoquaux, Ga{\"e}l and Gramfort, Alexandre and Michel, Vincent and Thirion, Bertrand and Grisel, Olivier and Blondel, Mathieu and Prettenhofer, Peter and Weiss, Ron and Dubourg, Vincent and others},
  journal={Journal of machine learning research},
  volume={12},
  number={Oct},
  pages={2825--2830},
  year={2011}
}

@inproceedings{Biere:2020:Cadical,
    author    = {Armin Biere and Katalin Fazekas and Mathias Fleury and Maximillian Heisinger},
    title     = {{CaDiCaL}, {Kissat}, {Paracooba}, {Plingeling} and {Treengeling}
	     Entering the {SAT Competition 2020}},
    pages     = {51--53},
    editor    = {Tomas Balyo and Nils Froleyks and Marijn Heule and 
	     Markus Iser and Matti J{\"a}rvisalo and Martin Suda},
    booktitle = {Proc.~of {SAT Competition} 2020 -- Solver and Benchmark Descriptions},
    volume    = {B-2020-1},
    series    = {Department of Computer Science Report Series B},
    publisher = {University of Helsinki},
    year      = 2020,
}

@article{Balyo:2016:Ipasir,
  author    = {Tom{\'{a}}s Balyo and
               Armin Biere and
               Markus Iser and
               Carsten Sinz},
  title     = {{SAT} Race 2015},
  journal   = {Artif. Intell.},
  volume    = {241},
  pages     = {45--65},
  year      = {2016},
  url       = {https://doi.org/10.1016/j.artint.2016.08.007}
}

@inproceedings{Iser:2013:Minimizing,
  author    = {Markus Iser and
               Carsten Sinz and
               Mana Taghdiri},
  editor    = {Matti J{\"{a}}rvisalo and
               Allen Van Gelder},
  title     = {Minimizing Models for Tseitin-Encoded {SAT} Instances},
  booktitle = {Theory and Applications of Satisfiability Testing - {SAT} 2013 - 16th
               International Conference, Helsinki, Finland, July 8-12, 2013. Proceedings},
  series    = {Lecture Notes in Computer Science},
  volume    = {7962},
  pages     = {224--232},
  publisher = {Springer},
  year      = {2013},
  url       = {https://doi.org/10.1007/978-3-642-39071-5\_17}
}

@phdthesis{Iser:2020:Disse,
  author    = {Markus Iser},
  title     = {Recognition and Exploitation of Gate Structure in {SAT} Solving},
  school    = {Karlsruhe Institute of Technology, Germany},
  year      = {2020},
  url       = {https://nbn-resolving.org/urn:nbn:de:101:1-2020042904595660732648},
  urn       = {urn:nbn:de:101:1-2020042904595660732648},
  timestamp = {Sat, 17 Jul 2021 09:07:29 +0200},
  biburl    = {https://dblp.org/rec/phd/dnb/Iser20.bib},
  bibsource = {dblp computer science bibliography, https://dblp.org}
}

@inproceedings{Iser:2018:GDB,
  author    = {Markus Iser and
               Carsten Sinz},
  editor    = {Daniel Le Berre and
               Matti J{\"{a}}rvisalo},
  title     = {A Problem Meta-Data Library for Research in {SAT}},
  booktitle = {Proceedings of Pragmatics of {SAT} 2015, Austin, Texas, USA, September
               23, 2015 / Pragmatics of {SAT} 2018, Oxford, UK, July 7, 2018},
  series    = {EPiC Series in Computing},
  volume    = {59},
  pages     = {144--152},
  publisher = {EasyChair},
  year      = {2018},
  url       = {https://doi.org/10.29007/gdbb}
}


